<?xml version="1.0" encoding="UTF-8"?><collection xmlns="http://www.loc.gov/MARC21/slim"><record><leader>00382nam--2200133-i-4500</leader><controlfield tag="001">000029896</controlfield><controlfield tag="002">20161230</controlfield><controlfield tag="005">20161230201037</controlfield><controlfield tag="008">060222s1000------------r-----000-0-eng-d</controlfield><datafield ind1=" " ind2=" " tag="100"><subfield code="a">Mollenhus, K.R</subfield></datafield><datafield ind1=" " ind2=" " tag="245"><subfield code="a">Steinalderen. i.sondre helgeland</subfield></datafield><datafield ind1=" " ind2=" " tag="260"><subfield code="a">Trondheim, I Kommsi.Hos F.Bruns Bokhandel, 1958, 112p., 28 Fig</subfield></datafield><datafield ind1=" " ind2=" " tag="490"><subfield code="a">Det Kgl Norske Videnskabers Skrifter</subfield></datafield><datafield ind1=" " ind2=" " tag="852"><subfield code="a">6139</subfield></datafield></record></collection>